@article{rfsextended,
  title={Random set methods: Estimation of multiple extended objects},
  author={Granstr{\"o}m, Karl and Lundquist, Christian and Gustafsson, Fredrik and Orguner, Umut},
  journal={IEEE Robotics \& Automation Magazine},
  volume={21},
  number={2},
  pages={73--82},
  year={2014},
  publisher={IEEE}
}

@article{jpda,
  title={Sonar tracking of multiple targets using joint probabilistic data association},
  author={Fortmann, Thomas and Bar-Shalom, Yaakov and Scheffe, Molly},
  journal={IEEE journal of Oceanic Engineering},
  volume={8},
  number={3},
  pages={173--184},
  year={1983},
  publisher={IEEE}
}

@article{mht,
  title={Design and analysis of modern tracking systems(Book)},
  author={Blackman, Samuel and Popoli, Robert},
  journal={Norwood, MA: Artech House},
  year={1999}
}

@book{rfs,
  title={Statistical multisource-multitarget information fusion},
  author={Mahler, Ronald PS},
  year={2007},
  publisher={Artech House, Inc.}
}

@article{ppp,
  title={Spatial distribution model for tracking extended objects},
  author={Gilholm, Kevin and Salmond, David},
  journal={IEEE Proceedings-Radar, Sonar and Navigation},
  volume={152},
  number={5},
  pages={364--371},
  year={2005},
  publisher={IET}
}

@article{randomMatrix,
  title={Bayesian approach to extended object and cluster tracking using random matrices},
  author={Koch, Johann Wolfgang},
  journal={IEEE Transactions on Aerospace and Electronic Systems},
  volume={44},
  number={3},
  year={2008},
  publisher={IEEE}
}

@article{randomMatrix2,
  title={Tracking of extended objects and group targets using random matrices},
  author={Feldmann, Michael and Franken, Dietrich and Koch, Wolfgang},
  journal={IEEE Transactions on Signal Processing},
  volume={59},
  number={4},
  pages={1409--1420},
  year={2011},
  publisher={IEEE}
}

@article{hypersurface,
  title={Extended object tracking with random hypersurface models},
  author={Baum, Marcus and Hanebeck, Uwe D},
  journal={IEEE Transactions on Aerospace and Electronic Systems},
  volume={50},
  number={1},
  pages={149--159},
  year={2014},
  publisher={IEEE}
}

@article{phdextended,
  title={Estimation and maintenance of measurement rates for multiple extended target tracking},
  author={Granstr{\"o}m, Karl and Orguner, Umut},
  booktitle={Information Fusion (FUSION), 2012 15th International Conference on},
  pages={2170--2176},
  year={2012},
  organization={IEEE}
}

@article{cphdextended,
  title={An extended target CPHD filter and a gamma Gaussian inverse Wishart implementation},
  author={Lundquist, Christian and Granstr{\"o}m, Karl and Orguner, Umut},
  journal={IEEE Journal of Selected Topics in Signal Processing},
  volume={7},
  number={3},
  pages={472--483},
  year={2013},
  publisher={IEEE}
}

@article{phdextended2,
  title={Extended target tracking using a Gaussian-mixture PHD filter},
  author={Granstr{\"o}m, Karl and Lundquist, Christian and Orguner, Omut},
  journal={IEEE Transactions on Aerospace and Electronic Systems},
  volume={48},
  number={4},
  pages={3268--3286},
  year={2012},
  publisher={IEEE}
}

@article{phdextended3,
  title={A PHD filter for tracking multiple extended targets using random matrices},
  author={Granstr{\"o}m, Karl and Orguner, Umut},
  journal={IEEE Transactions on Signal Processing},
  volume={60},
  number={11},
  pages={5657--5671},
  year={2012},
  publisher={IEEE}
}

@article{lmbextended,
  title={Multiple extended target tracking with labeled random finite sets},
  author={Beard, Michael and Reuter, Stephan and Granstr{\"o}m, Karl and Vo, Ba-Tuong and Vo, Ba-Ngu and Scheel, Alexander},
  journal={IEEE Transactions on Signal Processing},
  volume={64},
  number={7},
  pages={1638--1653},
  year={2016},
  publisher={IEEE}
}

@article{pmbmextended,
  title={Gamma Gaussian inverse-Wishart Poisson multi-Bernoulli filter for extended target tracking},
  author={Granstr{\"o}m, Karl and Fatemi, Maryam and Svensson, Lennart},
  booktitle={Information Fusion (FUSION), 2016 19th International Conference on},
  pages={893--900},
  year={2016},
  organization={IEEE}
}

@article{pmbmextended2,
  title={Poisson multi-Bernoulli conjugate prior for multiple extended object estimation},
  author={Granstr{\"o}m, Karl and Fatemi, Maryam and Svensson, Lennart},
  journal={arXiv preprint arXiv:1605.06311},
  year={2016}
}

@article{soextended,
  title={Pedestrian tracking using Velodyne data â€“ stochastic optimization for extended object tracking},
  author={K. Granstr{\"o}m, S. Reuter, M. Fatemi and L. svensson},
  year={2017},
  publisher={unpublished}
}

@article{variational,
  title={An efficient, variational approximation of the best fitting multi-Bernoulli filter},
  author={Williams, Jason L},
  journal={IEEE Transactions on Signal Processing},
  volume={63},
  number={1},
  pages={258--273},
  year={2015},
  publisher={IEEE}
}

@article{gibbs,
  title={Poisson Multi-Bernoulli Mapping Using Gibbs Sampling},
  author={Fatemi, Maryam and Granstr{\"o}m, Karl and Svensson, Lennart and Ruiz, Francisco JR and Hammarstrand, Lars},
  journal={IEEE Transactions on Signal Processing},
  volume={65},
  number={11},
  pages={2814--2827},
  year={2017},
  publisher={IEEE}
}

@article{mergesplit,
  title={A split-merge Markov chain Monte Carlo procedure for the Dirichlet process mixture model},
  author={Jain, Sonia and Neal, Radford M},
  journal={Journal of Computational and Graphical Statistics},
  volume={13},
  number={1},
  pages={158--182},
  year={2004},
  publisher={Taylor \& Francis}
}

@article{gospa,
  title={Generalized optimal sub-pattern assignment metric},
  author={Rahmathullah, Abu Sajana and Garc{\'i}a-Fern{\'a}ndez, {\'A}ngel F and Svensson, Lennart},
  journal={arXiv preprint arXiv:1601.05585},
  year={2016}
}

@article{ospa,
  title={A consistent metric for performance evaluation of multi-object filters},
  author={Schuhmacher, Dominic and Vo, Ba-Tuong and Vo, Ba-Ngu},
  journal={IEEE Transactions on Signal Processing},
  volume={56},
  number={8},
  pages={3447--3457},
  year={2008},
  publisher={IEEE}
}

@article{gwmetric,
  title={Metrics for performance evaluation of elliptic extended object tracking methods},
  author={Yang, Shishan and Baum, Marcus and Granstr{\"o}m, Karl},
  booktitle={Multisensor Fusion and Integration for Intelligent Systems (MFI), 2016 IEEE International Conference on},
  pages={523--528},
  year={2016},
  organization={IEEE}
}

@article{pmbmpoint,
  title={Marginal multi-bernoulli filters: RFS derivation of MHT, JIPDA, and association-based member},
  author={Williams, Jason L},
  journal={IEEE Transactions on Aerospace and Electronic Systems},
  volume={51},
  number={3},
  pages={1664--1687},
  year={2015},
  publisher={IEEE}
}

@article{pmbmpoint2,
	title={Poisson multi-{B}ernoulli mixture filter: direct derivation and implementation},
    author={\'Angel F. Garc\'ia-Fern\'andez and J. Williams and 
    Karl Granstr{\"o}m and Lennart Svensson},
    journal={arXiv preprint arXiv:1703.04264},
  year={2017}
}

@article{extendedoverview,
  title={Extended object tracking: Introduction, overview and applications},
  author={Granstr{\"o}m, Karl and Baum, Marcus},
  journal={arXiv preprint arXiv:1604.00970},
  year={2016}
}

@article{lbp,
  title={Approximate evaluation of marginal association probabilities with belief propagation},
  author={Williams, Jason and Lau, Roslyn},
  journal={IEEE Transactions on Aerospace and Electronic Systems},
  volume={50},
  number={4},
  pages={2942--2959},
  year={2014},
  publisher={IEEE}
}

@article{gammareduction,
  title={On the reduction of Gaussian inverse Wishart mixtures},
  author={Granstr{\"o}m, Karl and Orguner, Umut},
  booktitle={Information Fusion (FUSION), 2012 15th International Conference on},
  pages={2162--2169},
  year={2012},
  organization={IEEE}
}

@article{gating,
  title={Multitarget-multisensor tracking: Applications and advances. Volume III},
  author={Bar-Shalom, Yaakov},
  journal={Norwood, MA, Artech House, Inc., 2000},
  year={2000}
}

@article{murty,
  title={An algorithm for ranking all the assignments in order of increasing costs},
  author={Murthy, KG},
  journal={Operations Research},
  volume={16},
  number={3},
  pages={682--687},
  year={1968}
}

@article{gibbsglmb,
  title={An Efficient Implementation of the Generalized Labeled Multi-Bernoulli Filter},
  author={Vo, Ba Ngu and Vo, Ba-Tuong and Hoang, Hung},
  journal={IEEE Transactions on Signal Processing},
  year={2016},
  publisher={IEEE}
}

@article{gibbspoor,
  title={Computational and inferential difficulties with mixture posterior distributions},
  author={Celeux, Gilles and Hurn, Merrilee and Robert, Christian P},
  journal={Journal of the American Statistical Association},
  volume={95},
  number={451},
  pages={957--970},
  year={2000},
  publisher={Taylor \& Francis Group}
}